@article{
	Coppersmith,
	author="Don Coppersmith and Shmuel Winograd",
	title="Matrix multiplication via arithmetic progressions",
	journal="Journal of Symbolic Computation",
	number=9,
	pages="251--280",
	language="english",
	year=1990,
}

@article{
	Cohn,
	author="Henry Cohn and Robert Kleinberg and Balazs Szegedy and Chris Umans",
	title="Group-theoretic Algorithms for Matrix Multiplication",
	journal="Proceedings of the 46th Annual Symposium on Foundations of Computer Science",
	pages="379--388",
	language="english",
	year=2005,
	month="October"
}

@article{
	Robinson,
	author="Robinson, Sara",
	title="Toward an Optimal Algorithm for Matrix Multiplication",
	journal="SIAM News",
	volume=38,
	number=9,
	language="english",
	year=2005,
	month="November"
}

@article{
	Strassen,
	author="Strassen, Volker",
	title="Gaussian Elimination is not Optimal",
	journal="Numerische Mathematik",
	volume=13,
	number=9,
	pages="354--356",
	language="english",
	year=2005
}



@misc{windows,
	title="Клиентская документация по Windows для ИТ-специалистов [Электронный ресурс]",
	howpublished="Режим доступа: \url{https://docs.microsoft.com/ru-ru/windows/resources/} "
}

@misc{intel,
	title="Процессор Intel® Core™ i7-4700HQ [Электронный ресурс]",
	howpublished="Режим доступа: \url{https://ark.intel.com/content/www/ru/ru/ark/products/122589/intel-core-i7-8550u-processor-8m-cache-up-to-4-00-ghz.html}"
}





@article{
	Pogorelov,
	author="Погорелов Дмитрий Александрович, Таразанов Артемий Михайлович, Волкова Лилия Леонидовна",
	title="Оптимизация классического алгоритма Винограда для перемножения матриц",
	journal="Журнал №1",
	volume=49,
	year=2019
}

