@book{
	Knut,
	author="Дональд Кнут",
	title="Сортировка и поиск",
	publisher="Вильямс",
	volume=3,
	series="Искусство программирования",
	year=2000,
	pages=834
}

@book{
	kernigan,
	author="Брайан Керниган, Деннис Ритчи",
	title="Язык программирования Си",
	publisher="Деннис Ритчи",
	volume=1,
	series="Введение",
	year=1978,
	pages=9
}


@misc{windows,
	title="Клиентская документация по Windows для ИТ-специалистов [Электронный ресурс]",
	howpublished="Режим доступа: \url{https://docs.microsoft.com/ru-ru/windows/resources/} "
}

@misc{intel,
	title="Процессор Intel® Core™ i7-4700HQ [Электронный ресурс]",
	howpublished="Режим доступа: \url{https://ark.intel.com/content/www/ru/ru/ark/products/122589/intel-core-i7-8550u-processor-8m-cache-up-to-4-00-ghz.html}"
}

@misc{vscode,
	title="Documentation for Visual Studio Code [Электронный ресурс]",
	howpublished="Режим доступа: \url{https://code.visualstudio.com/docs} "
}
