@misc{conveyor,
    title="Параллельная обработка данных",
    howpublished="Режим доступа: \url{https://parallel.ru/vvv/lec1.html}"
}

@misc{ceusar,
    title="Шифр цезаря",
    howpublished="Режим доступа: \url{https://kmb.cybber.ru/crypto/caezar_cipher/main.html}"
}


@misc{windows,
	title="Клиентская документация по Windows для ИТ-специалистов [Электронный ресурс]",
	howpublished="Режим доступа: \url{https://docs.microsoft.com/ru-ru/windows/resources/} "
}

@misc{intel,
	title="Процессор Intel® Core™ i7-4700HQ [Электронный ресурс]",
	howpublished="Режим доступа: \url{https://ark.intel.com/content/www/ru/ru/ark/products/122589/intel-core-i7-8550u-processor-8m-cache-up-to-4-00-ghz.html}"
}

@misc{code,
	title="Documentation for Visual Studio Code [Электронный ресурс]",
	howpublished="Режим доступа: \url{https://code.visualstudio.com/docs} "
}