@misc{
	com,
	title="Задача коммивояжёра.",
	howpublished="Режим доступа: \url{http://mech.math.msu.su/~shvetz/54/inf/perl-problems/chCommisVoyageur.xhtml} (дата обращения 09.12.2020)"
}

@book{
	ulianov,
	author="Ульянов М.В.",
	title="Ресурсно-эффективные компьютерные алгоритмы",
	publisher="ФИЗМАТЛИТ",
	year=2008,
	pages=304
}


@misc{windows,
	title="Клиентская документация по Windows для ИТ-специалистов [Электронный ресурс]",
	howpublished="Режим доступа: \url{https://docs.microsoft.com/ru-ru/windows/resources/} "
}

@misc{intel,
	title="Процессор Intel® Core™ i7-4700HQ [Электронный ресурс]",
	howpublished="Режим доступа: \url{https://ark.intel.com/content/www/ru/ru/ark/products/122589/intel-core-i7-8550u-processor-8m-cache-up-to-4-00-ghz.html}"
}

@misc{code,
	title="Documentation for Visual Studio Code [Электронный ресурс]",
	howpublished="Режим доступа: \url{https://code.visualstudio.com/docs} "
}