@article{
	Olukotun,
	author="Kunle Olukotun",
	title="Chip Multiprocessor Architecture — Techniques to Improve Throughput and Latency",
	journal="Morgan and Claypool Publishers",
	pages="154",
	language="english",
	year=2007
}

@article{
	Nemirovsky,
	author="Mario Nemirovsky, Dean M. Tullsen",
	title="Multithreading Architecture",
	journal="Morgan and Claypool Publishers",
	language="english",
	year=2013
}


@misc{windows,
	title="Клиентская документация по Windows для ИТ-специалистов [Электронный ресурс]",
	howpublished="Режим доступа: \url{https://docs.microsoft.com/ru-ru/windows/resources/} "
}

@misc{intel,
	title="Процессор Intel® Core™ i7-4700HQ [Электронный ресурс]",
	howpublished="Режим доступа: \url{https://ark.intel.com/content/www/ru/ru/ark/products/122589/intel-core-i7-8550u-processor-8m-cache-up-to-4-00-ghz.html}"
}

@misc{code,
	title="Documentation for Visual Studio Code [Электронный ресурс]",
	howpublished="Режим доступа: \url{https://code.visualstudio.com/docs} "
}