@inbook{
	Levenshtein,
	author="Левенштейн, В. И.",
	title="Двоичные коды с исправлением выпадений, вставок и замещений символов",
	publisher="-- М.: Доклады АН СССР",
	volume=163,
	chapter=4,
	pages="845--848",
	language="russian",
	year=1965
}


@misc{intel,
	title="Процессор Intel® Core™ i7-8550U [Электронный ресурс]",
	howpublished="Режим доступа: \url{https://ark.intel.com/content/www/ru/ru/ark/products/122589/intel-core-i7-8550u-processor-8m-cache-up-to-4-00-ghz.html}"
}


@misc{windows,
	title= "Windows",
	publisher="Microsoft",
	year={1985},
	url="https://www.microsoft.com/ru-ru/windows"
}


@misc{vscode,
	title= "Visual Studio Code",
	publisher="Microsoft",
	year={2005},
	url="https://code.visualstudio.com/"
}


@misc{java,
	title="Документация по Java [Электронный ресурс]",
	howpublished="Режим доступа: \url{https://docs.oracle.com/en/java/}"
}
